<record><leader>00000cas a22000007a 4500</leader><controlfield tag="001">22648090</controlfield><controlfield tag="008">901107d19391944coudr ne      0    0eng d</controlfield><datafield ind1=" " ind2=" " tag="010"><subfield code="a">sn 90051915 </subfield></datafield><datafield ind1=" " ind2=" " tag="040"><subfield code="a">CNQ</subfield><subfield code="b">eng</subfield><subfield code="c">CNQ</subfield><subfield code="d">OCLCQ</subfield></datafield><datafield ind1=" " ind2=" " tag="042"><subfield code="a">msc</subfield></datafield><datafield ind1="0" ind2="0" tag="245"><subfield code="a">La Junta daily tribune.</subfield></datafield><datafield ind1=" " ind2=" " tag="260"><subfield code="a">La Junta, Colo. :</subfield><subfield code="b">Chas. E. Nelson and Warren A. Girch</subfield></datafield><datafield ind1=" " ind2=" " tag="300"><subfield code="a">v.</subfield></datafield><datafield ind1=" " ind2=" " tag="310"><subfield code="a">Daily</subfield></datafield><datafield ind1="1" ind2=" " tag="362"><subfield code="a">Began in 1939; ceased in May 1944.</subfield></datafield><datafield ind1=" " ind2=" " tag="588"><subfield code="a">Description based on: Vol. 63, no. 21 (Jan. 26, 1942).</subfield></datafield><datafield ind1=" " ind2=" " tag="752"><subfield code="a">United States</subfield><subfield code="b">Colorado</subfield><subfield code="c">Otero</subfield><subfield code="d">La Junta.</subfield></datafield><datafield ind1="0" ind2="4" tag="780"><subfield code="t">Junta tribune</subfield><subfield code="w">(DLC)sn 90051267</subfield></datafield><datafield ind1="0" ind2="4" tag="780"><subfield code="t">Junta news</subfield></datafield><datafield ind1="0" ind2="7" tag="785"><subfield code="t">Junta daily democrat</subfield><subfield code="w">(DLC)sn 90051269</subfield></datafield><datafield ind1="0" ind2="7" tag="785"><subfield code="t">Junta tribune-democrat</subfield><subfield code="w">(DLC)sn 90051270</subfield></datafield></record>